@article{o2018hashmoney,
  title={Hashmoney: exploring Twitter hashtag use as a secondary ticket market price determinant},
  author={O'Hallarn, Brendan and Shapiro, Stephen L and Pegoraro, Ann},
  journal={International Journal of Sport Management and Marketing},
  volume={18},
  number={3},
  pages={199--219},
  year={2018},
  publisher={Inderscience Publishers (IEL)}
}

@article{swofford1999arbitrage,
  title={Arbitrage, speculation, and public policy toward ticket scalping},
  author={Swofford, James L},
  journal={Public Finance Review},
  volume={27},
  number={5},
  pages={531--540},
  year={1999},
  publisher={Sage Publications Sage CA: Thousand Oaks, CA}
}

@techreport{leslie2009welfare,
  title={The welfare effects of ticket resale},
  author={Leslie, Phillip and Sorensen, Alan},
  year={2009},
  institution={National Bureau of Economic Research}
}

@phdthesis{cozart2010relationship,
  title={The relationship between the online secondary ticket market and college athletics},
  author={Cozart, Emily Smyth},
  year={2010},
  school={The University of North Carolina at Chapel Hill}
}

@article{karp2005promoters,
  title={When promoters like scalpers},
  author={Karp, Larry and Perloff, Jeffrey M},
  journal={Journal of Economics \& Management Strategy},
  volume={14},
  number={2},
  pages={477--508},
  year={2005},
  publisher={Wiley Online Library}
}

@article{connolly2006rockonomics,
  title={Rockonomics: The economics of popular music},
  author={Connolly, Marie and Krueger, Alan B},
  journal={Handbook of the Economics of Art and Culture},
  volume={1},
  pages={667--719},
  year={2006},
  publisher={Elsevier}
}

@article{courty2003some,
  title={Some economics of ticket resale},
  author={Courty, Pascal},
  journal={Journal of Economic Perspectives},
  volume={17},
  number={2},
  pages={85--97},
  year={2003}
}

@article{fox2007responses,
  title={Responses to Ticket Scalping in the Concert Industry},
  author={Fox, M and Ostreicher, A},
  journal={ENTERTAINMENT LAW REVIEW},
  volume={18},
  number={8},
  pages={258},
  year={2007},
  publisher={SWEET AND MAXWELL}
}

@article{ahn2014understanding,
  title={Understanding purchasing intentions in secondary sports ticket websites},
  author={Ahn, Taesoo and Ik Suh, Young and Lee, Jin Kyun and Pedersen, Paul M},
  journal={International Journal of Sports Marketing and Sponsorship},
  volume={16},
  number={1},
  pages={35--49},
  year={2014},
  publisher={Emerald Group Publishing Limited}
}

@misc{krueger2008evidence,
  title={Evidence on the secondary market for concert tickets},
  author={Krueger, Alan B and Connolly Pray, M},
  year={2008},
  publisher={NBER, CIRP{\'E}E et UQAM}
}

@phdthesis{phdthesis,
author = {Mielko, Beata},
year = {2017},
month = {12},
pages = {},
title = {Secondary ticketing}
}

@article{puri2003bots,
  title={Bots \& botnet: An overview},
  author={Puri, Ramneek},
  journal={SANS Institute},
  volume={3},
  pages={58},
  year={2003},
  publisher={SANS Institute Bethesda, Maryland}
}

@article{elefant2018beyond,
  title={Beyond the Bots: Ticked-off over Ticket Prices or the Eternal Scamnation},
  author={Elefant, Sammi},
  journal={UCLA Ent. L. Rev.},
  volume={25},
  pages={1},
  year={2018},
  publisher={HeinOnline}
}

@article{hitt1996productivity,
  title={Productivity, business profitability, and consumer surplus: three different measures of information technology value},
  author={Hitt, Lorin M and Brynjolfsson, Erik},
  journal={MIS quarterly},
  pages={121--142},
  year={1996},
  publisher={JSTOR}
}

@article{tompkins2018ticket,
  title={Ticket Pricing in the Primary and Secondary Concert Ticket Marketplace},
  author={Tompkins, Terry},
  year={2018}
}

@article{drayer2011examining,
  title={Examining the effectiveness of anti-scalping laws in a United States market},
  author={Drayer, Joris},
  journal={Sport Management Review},
  volume={14},
  number={3},
  pages={226--236},
  year={2011},
  publisher={Elsevier}
}

@article{fortunato2011dancing,
  title={Dancing in the Dark: Ticketmaster's response to its Bruce Springsteen ticket crisis},
  author={Fortunato, John A},
  journal={Public Relations Review},
  volume={37},
  number={1},
  pages={77--79},
  year={2011},
  publisher={Elsevier}
}

@article{shapiro2014examination,
  title={An examination of dynamic ticket pricing and secondary market price determinants in Major League Baseball},
  author={Shapiro, Stephen L and Drayer, Joris},
  journal={Sport Management Review},
  volume={17},
  number={2},
  pages={145--159},
  year={2014},
  publisher={Elsevier}
}

@article{black2007concert,
  title={Concert tour success in North America: An examination of the top 100 tours from 1997 to 2005},
  author={Black, Grant C and Fox, Mark A and Kochanowski, Paul},
  journal={Popular Music and society},
  volume={30},
  number={2},
  pages={149--172},
  year={2007},
  publisher={Taylor \& Francis}
}

@inproceedings{von2003captcha,
  title={CAPTCHA: Using hard AI problems for security},
  author={Von Ahn, Luis and Blum, Manuel and Hopper, Nicholas J and Langford, John},
  booktitle={International Conference on the Theory and Applications of Cryptographic Techniques},
  pages={294--311},
  year={2003},
  organization={Springer}
}

@incollection{courty2014pricing,
  title={The pricing of art and the art of pricing: Pricing styles in the concert industry},
  author={Courty, Pascal and Pagliero, Mario},
  booktitle={Handbook of the Economics of Art and Culture},
  volume={2},
  pages={299--356},
  year={2014},
  publisher={Elsevier}
}

@article{busch2005rock,
  title={Rock concert pricing and anti-scalping laws: selling to an input},
  author={Busch, Lutz-Alexander and Curry, Phil},
  journal={Social Science Research Network},
  year={2005},
  publisher={Citeseer}
}

@techreport{courty2017ticket,
  title={Ticket resale, bots, and the fair price ticketing curse},
  author={Courty, Pascal},
  year={2017},
  institution={Working Paper, http://web. uvic. ca/\~{} pcourty/FPT1005. pdf}
}

@article{stein2014will,
  title={Will Ticket Scalpers Meet the Same Fate as Spinal Tap Drummers: The Sale and Resale of Concert and Sports Tickets},
  author={Stein, Gregory M},
  journal={Pepp. L. Rev.},
  volume={42},
  pages={1},
  year={2014},
  publisher={HeinOnline}
}

@inproceedings{schluessler2007bot,
  title={Is a bot at the controls?: Detecting input data attacks},
  author={Schluessler, Travis and Goglin, Stephen and Johnson, Erik},
  booktitle={Proceedings of the 6th ACM SIGCOMM workshop on Network and system support for games},
  pages={1--6},
  year={2007},
  organization={ACM}
}

@article{loewenstein2010ticket,
  title={Ticket sniping},
  author={Loewenstein, Avi},
  journal={J. on Telecomm. \& High Tech. L.},
  volume={8},
  pages={243},
  year={2010},
  publisher={HeinOnline}
}

@article{simon2003if,
  title={If you can't beat'em, join'em: Implications for New York's scalping law in light of recent developments in the ticket business},
  author={Simon, Scott D},
  journal={Fordham L. Rev.},
  volume={72},
  pages={1171},
  year={2003},
  publisher={HeinOnline}
}

@article{eckard2013impact,
  title={The impact of price discrimination on consumer surplus at popular music concerts},
  author={Eckard, E Woodrow and Smith, Marlene A},
  journal={Economics Letters},
  volume={118},
  number={1},
  pages={222--224},
  year={2013},
  publisher={Elsevier}
}

@article{liu2013multi,
  title={Multi-dimensional price discrimination},
  author={Liu, Qihong and Shuai, Jie},
  journal={International Journal of Industrial Organization},
  volume={31},
  number={5},
  pages={417--428},
  year={2013},
  publisher={Elsevier}
}

@article{courty2011unpriced,
  title={Unpriced quality},
  author={Courty, Pascal},
  journal={Economics Letters},
  volume={111},
  number={1},
  pages={13--15},
  year={2011},
  publisher={Elsevier}
}

@incollection{levinson2014values,
  title={Values of music},
  author={Levinson, Jerrold},
  booktitle={Handbook of the Economics of Art and Culture},
  volume={2},
  pages={101--117},
  year={2014},
  publisher={Elsevier}
}

@article{huang2017ticket,
  title={Ticket pricing with different inventory information displays},
  author={Huang, Yeu-Shiang and Wang, Jun-Guo and Ho, Jyh-Wen},
  journal={Computers \& Industrial Engineering},
  volume={109},
  pages={59--70},
  year={2017},
  publisher={Elsevier}
}

@article{esteves2009price,
  title={Price discrimination with partial information: Does it pay off?},
  author={Esteves, Rosa-Branca},
  journal={Economics Letters},
  volume={105},
  number={1},
  pages={28--31},
  year={2009},
  publisher={Elsevier}
}

@article{perez2016music,
  title={Music Festivals: A Secondary Market Analysis},
  author={Perez, Julian},
  year={2016}
}

@article{ballantyne2014designing,
  title={Designing and managing music festival experiences to enhance attendees’ psychological and social benefits},
  author={Ballantyne, Julie and Ballantyne, Roy and Packer, Jan},
  journal={Musicae Scientiae},
  volume={18},
  number={1},
  pages={65--83},
  year={2014},
  publisher={SAGE Publications Sage UK: London, England}
}

@techreport{bhave2017primary,
  title={Primary-Market Auctions for Event Tickets: Eliminating the Rents of'Bob the Broker'?},
  author={Bhave, Aditya and Budish, Eric},
  year={2017},
  institution={National Bureau of Economic Research}
}

@article{leslie2013resale,
  title={Resale and rent-seeking: An application to ticket markets},
  author={Leslie, Phillip and Sorensen, Alan},
  journal={Review of Economic Studies},
  volume={81},
  number={1},
  pages={266--300},
  year={2013},
  publisher={Oxford University Press}
}

@article{courty2012impact,
  title={The Impact of Price discrimination on Revenue: Evidence from the concert industry},
  author={Courty, Pascal and Pagliero, Mario},
  journal={Review of Economics and Statistics},
  volume={94},
  number={1},
  pages={359--369},
  year={2012},
  publisher={MIT Press}
}

@misc{vicelowson,
    author = "{Koebler, Jason}",
    title = {{The Man Who Broke Ticketmaster}},
    howpublished = {\url{https://motherboard.vice.com/en_us/article/mgxqb8/the-man-who-broke-ticketmaster}},
    year=2017,
}

@article{jones2009promoter,
  title={The promoter's role in ticket pricing: Implications of real options for optimal posted prices and rationing},
  author={Jones, Steven L and Yeoman, John C},
  journal={Journal of Business Research},
  volume={62},
  number={11},
  pages={1187--1192},
  year={2009},
  publisher={Elsevier}
}

@article{article,
author = {Drayer, Joris},
year = {2011},
month = {04},
pages = {199-208},
title = {Making a case for the integration of the primary and secondary ticket markets for professional team sports in the United States},
volume = {12},
journal = {International Journal of Sports Marketing and Sponsorship},
doi = {10.1108/IJSMS-12-03-2011-B002}
}

@misc{larepbag,
    author = "{Formica, Federico}",
    title = {{Biglietti nominali per i grandi concerti: l’emendamento contro i bagarini online}},
    howpublished = {\url{https://www.repubblica.it/economia/diritti-e-consumi/diritti-consumatori/2018/11/28/news/biglietti_nominali_per_i_grandi_concerti_l_emendamento_contro_i_bagarini_online-212767137/}},
    year=2018,
}

@misc{solebag,
    author = "{Prisco, Francesco}",
    title = {{Concerti, la filiera contro il biglietto nominale: «Posti di lavoro a rischio»}},
    howpublished = {\url{https://www.ilsole24ore.com/art/notizie/2018-11-26/concerti-filiera-contro-biglietto-nominale-posti-lavoro-rischio-144752.shtml?uuid=AECZ3WnG&refresh_ce=1}},
    year=2018,
}

@article{rushton2016touts,
  title={Touts out? The Waterson review on secondary ticketing},
  author={Rushton, Michael},
  journal={Cultural Trends},
  volume={25},
  number={4},
  pages={287--290},
  year={2016},
  publisher={Taylor \& Francis}
}

@inproceedings{dimicco2001dynamic,
  title={Dynamic pricing strategies under a finite time horizon},
  author={DiMicco, Joan Morris and Greenwald, Amy and Maes, Pattie},
  booktitle={Proceedings of the 3rd ACM conference on Electronic Commerce},
  pages={95--104},
  year={2001},
  organization={ACM}
}

@article{dimicco2003learning,
  title={Learning curve: A simulation-based approach to dynamic pricing},
  author={Dimicco, Joan Morris and Maes, Pattie and Greenwald, Amy},
  journal={Electronic Commerce Research},
  volume={3},
  number={3-4},
  pages={245--276},
  year={2003},
  publisher={Springer}
}

@article{drayer2008tradition,
  title={Tradition vs. trend: A case study of team response to the secondary ticket market},
  author={Drayer, Joris and Stotlar, David and Irwin, Richard},
  journal={Trend: A Case Study of Team Response to the Secondary Ticket Market},
  pages={235--240},
  year={2008}
}

@article{rascher2013antitrust,
  title={The antitrust implications of “paperless ticketing” on secondary markets},
  author={Rascher, Daniel A and Schwarz, Andrew D},
  journal={Journal of Competition Law and Economics},
  volume={9},
  number={3},
  pages={655--708},
  year={2013},
  publisher={Oxford University Press}
}

@article{pedersen2015effect,
  title={Effect of trust and risk on purchase intentions in online secondary ticketing: sport consumers and ticket reselling},
  author={Pedersen, Paul M and Ahn, Taesoo and Suh, Young I and Lee, Jin K},
  journal={South African Journal for Research in Sport, Physical Education and Recreation},
  volume={37},
  number={2},
  pages={131--142},
  year={2015},
  publisher={Sabinet}
}

@misc{nakfoor2002electronic,
  title={Electronic ticketing system and method},
  author={Nakfoor, Brett},
  year={2002},
  month=dec # "~17",
  publisher={Google Patents},
  note={US Patent 6,496,809}
}

@article{bennett2015cannibalization,
  title={Cannibalization and option value effects of secondary markets: Evidence from the US concert industry},
  author={Bennett, Victor M and Seamans, Robert and Zhu, Feng},
  journal={Strategic Management Journal},
  volume={36},
  number={11},
  pages={1599--1614},
  year={2015},
  publisher={Wiley Online Library}
}

@article{halberg2009secondary,
  title={The Secondary Market for Tickets: A Look at Ticket Scalping Through an Economic, Property Law, and Constitutional Framework},
  author={Halberg, Caleb},
  journal={DePaul J. Sports L. \& Contemp. Probs.},
  volume={6},
  pages={173},
  year={2009},
  publisher={HeinOnline}
}

@article{happel2009eight,
  title={The eight principles of the microeconomic and regulatory future of ticket scalping, ticket brokers, and secondary ticket markets},
  author={Happel, Stephen and Jennings, Marianne M},
  journal={JL \& Com.},
  volume={28},
  pages={115},
  year={2009},
  publisher={HeinOnline}
}

@article{porcello2018fixed,
  title={A Fixed Game: The Frustrations of Ticket Scalping and the Realities of Its Solutions},
  author={Porcello, Dylan C},
  journal={Brook. L. Rev.},
  volume={84},
  pages={259},
  year={2018},
  publisher={HeinOnline}
}

@article{yang2018model,
  title={A Model of Queue-Scalping},
  author={Yang, Luyi and Cui, Shiliang},
  journal={Available at SSRN 3237102},
  year={2018}
}

@article{depken2007another,
  title={Another look at anti-scalping laws: Theory and evidence},
  author={Depken, Craig A},
  journal={Public Choice},
  volume={130},
  number={1-2},
  pages={55--77},
  year={2007},
  publisher={Springer}
}

@article{happel1995folly,
  title={The folly of anti-scalping laws},
  author={Happel, Stephen K and Jennings, Marianne M},
  journal={Cato J.},
  volume={15},
  pages={65},
  year={1995},
  publisher={HeinOnline}
}

@article{geloso2014ticket,
  title={Ticket scalping as a means of managing risk},
  author={Geloso, Vincent},
  journal={Economic Affairs},
  volume={34},
  number={3},
  pages={335--339},
  year={2014},
  publisher={Wiley Online Library}
}

@inproceedings{caine2007ai,
  title={The AI hardness of CAPTCHAs does not imply Robust Network Security},
  author={Caine, Allan and Hengartner, Urs},
  booktitle={IFIP International Conference on Trust Management},
  pages={367--382},
  year={2007},
  organization={Springer}
}

@misc{stripedoc,
    author = "{Stripe}",
    title = {{Capture a Charge}},
    howpublished = {\url{https://stripe.com/docs/api/charges/capture?lang=php}},
    year=2019,
}

@inproceedings{qamili2018intelligent,
  title={An Intelligent Framework for Issue Ticketing System Based on Machine Learning},
  author={Qamili, Ruanda and Shabani, Shaban and Schneider, Johannes},
  booktitle={2018 IEEE 22nd International Enterprise Distributed Object Computing Workshop (EDOCW)},
  pages={79--86},
  year={2018},
  organization={IEEE}
}

@article{drayer2012dynamic,
  title={Dynamic ticket pricing in sport: An agenda for research and practice},
  author={Drayer, Joris and Shapiro, Stephen L and Lee, Seoki},
  journal={Sport Marketing Quarterly},
  volume={21},
  number={3},
  pages={184--194},
  year={2012}
}