@article{o2018hashmoney,
  title={Hashmoney: exploring Twitter hashtag use as a secondary ticket market price determinant},
  author={O'Hallarn, Brendan and Shapiro, Stephen L and Pegoraro, Ann},
  journal={International Journal of Sport Management and Marketing},
  volume={18},
  number={3},
  pages={199--219},
  year={2018},
  publisher={Inderscience Publishers (IEL)}
}

@article{swofford1999arbitrage,
  title={Arbitrage, speculation, and public policy toward ticket scalping},
  author={Swofford, James L},
  journal={Public Finance Review},
  volume={27},
  number={5},
  pages={531--540},
  year={1999},
  publisher={Sage Publications Sage CA: Thousand Oaks, CA}
}

@techreport{leslie2009welfare,
  title={The welfare effects of ticket resale},
  author={Leslie, Phillip and Sorensen, Alan},
  year={2009},
  institution={National Bureau of Economic Research}
}

@phdthesis{cozart2010relationship,
  title={The relationship between the online secondary ticket market and college athletics},
  author={Cozart, Emily Smyth},
  year={2010},
  school={The University of North Carolina at Chapel Hill}
}

@article{karp2005promoters,
  title={When promoters like scalpers},
  author={Karp, Larry and Perloff, Jeffrey M},
  journal={Journal of Economics \& Management Strategy},
  volume={14},
  number={2},
  pages={477--508},
  year={2005},
  publisher={Wiley Online Library}
}

@article{connolly2006rockonomics,
  title={Rockonomics: The economics of popular music},
  author={Connolly, Marie and Krueger, Alan B},
  journal={Handbook of the Economics of Art and Culture},
  volume={1},
  pages={667--719},
  year={2006},
  publisher={Elsevier}
}

@article{courty2003some,
  title={Some economics of ticket resale},
  author={Courty, Pascal},
  journal={Journal of Economic Perspectives},
  volume={17},
  number={2},
  pages={85--97},
  year={2003}
}

@article{fox2007responses,
  title={Responses to Ticket Scalping in the Concert Industry},
  author={Fox, M and Ostreicher, A},
  journal={ENTERTAINMENT LAW REVIEW},
  volume={18},
  number={8},
  pages={258},
  year={2007},
  publisher={SWEET AND MAXWELL}
}

@article{ahn2014understanding,
  title={Understanding purchasing intentions in secondary sports ticket websites},
  author={Ahn, Taesoo and Ik Suh, Young and Lee, Jin Kyun and Pedersen, Paul M},
  journal={International Journal of Sports Marketing and Sponsorship},
  volume={16},
  number={1},
  pages={35--49},
  year={2014},
  publisher={Emerald Group Publishing Limited}
}

@misc{krueger2008evidence,
  title={Evidence on the secondary market for concert tickets},
  author={Krueger, Alan B and Connolly Pray, M},
  year={2008},
  publisher={NBER, CIRP{\'E}E et UQAM}
}

@phdthesis{phdthesis,
author = {Mielko, Beata},
year = {2017},
month = {12},
pages = {},
title = {Secondary ticketing}
}

@article{puri2003bots,
  title={Bots \& botnet: An overview},
  author={Puri, Ramneek},
  journal={SANS Institute},
  volume={3},
  pages={58},
  year={2003},
  publisher={SANS Institute Bethesda, Maryland}
}

@article{elefant2018beyond,
  title={Beyond the Bots: Ticked-off over Ticket Prices or the Eternal Scamnation},
  author={Elefant, Sammi},
  journal={UCLA Ent. L. Rev.},
  volume={25},
  pages={1},
  year={2018},
  publisher={HeinOnline}
}

@article{hitt1996productivity,
  title={Productivity, business profitability, and consumer surplus: three different measures of information technology value},
  author={Hitt, Lorin M and Brynjolfsson, Erik},
  journal={MIS quarterly},
  pages={121--142},
  year={1996},
  publisher={JSTOR}
}

@article{courty2003some,
  title={Some economics of ticket resale},
  author={Courty, Pascal},
  journal={Journal of Economic Perspectives},
  volume={17},
  number={2},
  pages={85--97},
  year={2003}
}

@article{tompkins2018ticket,
  title={Ticket Pricing in the Primary and Secondary Concert Ticket Marketplace},
  author={Tompkins, Terry},
  year={2018}
}

@article{drayer2011examining,
  title={Examining the effectiveness of anti-scalping laws in a United States market},
  author={Drayer, Joris},
  journal={Sport Management Review},
  volume={14},
  number={3},
  pages={226--236},
  year={2011},
  publisher={Elsevier}
}

@article{fortunato2011dancing,
  title={Dancing in the Dark: Ticketmaster's response to its Bruce Springsteen ticket crisis},
  author={Fortunato, John A},
  journal={Public Relations Review},
  volume={37},
  number={1},
  pages={77--79},
  year={2011},
  publisher={Elsevier}
}

@article{shapiro2014examination,
  title={An examination of dynamic ticket pricing and secondary market price determinants in Major League Baseball},
  author={Shapiro, Stephen L and Drayer, Joris},
  journal={Sport Management Review},
  volume={17},
  number={2},
  pages={145--159},
  year={2014},
  publisher={Elsevier}
}

@article{black2007concert,
  title={Concert tour success in North America: An examination of the top 100 tours from 1997 to 2005},
  author={Black, Grant C and Fox, Mark A and Kochanowski, Paul},
  journal={Popular Music and society},
  volume={30},
  number={2},
  pages={149--172},
  year={2007},
  publisher={Taylor \& Francis}
}

@incollection{courty2014pricing,
  title={The pricing of art and the art of pricing: Pricing styles in the concert industry},
  author={Courty, Pascal and Pagliero, Mario},
  booktitle={Handbook of the Economics of Art and Culture},
  volume={2},
  pages={299--356},
  year={2014},
  publisher={Elsevier}
}

@article{busch2005rock,
  title={Rock concert pricing and anti-scalping laws: selling to an input},
  author={Busch, Lutz-Alexander and Curry, Phil},
  journal={Social Science Research Network},
  year={2005},
  publisher={Citeseer}
}

@techreport{courty2017ticket,
  title={Ticket resale, bots, and the fair price ticketing curse},
  author={Courty, Pascal},
  year={2017},
  institution={Working Paper, http://web. uvic. ca/\~{} pcourty/FPT1005. pdf}
}

@article{stein2014will,
  title={Will Ticket Scalpers Meet the Same Fate as Spinal Tap Drummers: The Sale and Resale of Concert and Sports Tickets},
  author={Stein, Gregory M},
  journal={Pepp. L. Rev.},
  volume={42},
  pages={1},
  year={2014},
  publisher={HeinOnline}
}

@inproceedings{schluessler2007bot,
  title={Is a bot at the controls?: Detecting input data attacks},
  author={Schluessler, Travis and Goglin, Stephen and Johnson, Erik},
  booktitle={Proceedings of the 6th ACM SIGCOMM workshop on Network and system support for games},
  pages={1--6},
  year={2007},
  organization={ACM}
}

@article{loewenstein2010ticket,
  title={Ticket sniping},
  author={Loewenstein, Avi},
  journal={J. on Telecomm. \& High Tech. L.},
  volume={8},
  pages={243},
  year={2010},
  publisher={HeinOnline}
}

@article{tompkins2018ticket,
  title={Ticket Pricing in the Primary and Secondary Concert Ticket Marketplace},
  author={Tompkins, Terry},
  year={2018}
}